\DeclareNameAlias{author}{last-first}
SOFTWARE

@article{yt,
	author = {M. Turk and others},
	title = {\textit{yt: A Multi-code Analysis Toolkit for Astrophysical Simulation Data}},
	year = 2011,
	journal = {\color{blue}ApJS\color{black}},
	volume = 192,
	pages = {9},
	note = {(\color{blue}\href{https://arxiv.org/abs/1011.3514}{\texttt{arXiv:1011.3514}}\color{black})}
}
@article{Eisenstein1998,
	author = {D. Eisenstein and P. Hut},
	title = {\textit{{HOP}: A New Group-finding Algorithm {for N}-Body Simulations}},
	year = 1998,
	journal = {\color{blue}ApJ\color{black}},
	volume = 498,
	pages = {137--142},
	note = {(\color{blue}\href{https://arxiv.org/abs/astro-ph/9712200}{\texttt{arXiv:astro-ph/9712200}}\color{black})}
}
@misc{Chollet2015,
  title={Keras},
  author={Chollet, Fran\c{c}ois and others},
  year={2015},
  howpublished={\url{https://keras.io}},
}
@article{scikit-learn,
	author = {F. Pedregosa and others},
	title = {\textit{{Scikit-learn: Machine Learning in Python}}},
	year = 2011,
	journal = {\color{blue}JMLR\color{black}},
	volume = 12,
	pages = {2825--2830},
	note = {(\color{blue}\href{https://arxiv.org/abs/1201.0490}{arXiv:1201.0490}\color{black}),
					(\color{blue}\href{https://github.com/scikit-learn/scikit-learn}{\texttt{github}}\color{black})}
}
@misc{pkdtree,
	author={P. Varilly},
	title={Periodidc{CKDT}ree},
	year={2014},
	note={(\color{blue}\href{https://github.com/patvarilly/periodic_kdtree}{\texttt{github}}\color{black})}
}



PAPERS
@ARTICLE{LucieSmith2018,
       author = {{Lucie-Smith}, Luisa and {Peiris}, Hiranya V. and {Pontzen}, Andrew and
         {Lochner}, Michelle},
        title = "{Machine learning cosmological structure formation}",
      journal = {\mnras},
     keywords = {methods: statistical, galaxies: haloes, dark matter, large-scale structure of Universe, Astrophysics - Cosmology and Nongalactic Astrophysics, Astrophysics - Instrumentation and Methods for Astrophysics},
         year = "2018",
        month = "Sep",
       volume = {479},
       number = {3},
        pages = {3405-3414},
          doi = {10.1093/mnras/sty1719},
archivePrefix = {arXiv},
       eprint = {1802.04271},
 primaryClass = {astro-ph.CO},
       adsurl = {https://ui.adsabs.harvard.edu/abs/2018MNRAS.479.3405L},
      adsnote = {Provided by the SAO/NASA Astrophysics Data System}
}
@article{Breiman2001,
	author = {L. Breiman},
	title = {\textit{{Random Forests}}},
	year = 2001,
	journal = {\color{blue}Machine Learning\color{black}},
	volume = 45,
	pages = {5--32},
	note = {(\color{blue}\href{https://arxiv.org/abs/1802.04271}{\texttt{arXiv:1802.04271}}\color{black})}
}
@article{rf,
	author = {M. Denil and others},
	title = {\textit{{Narrowing the Gap: Random Forests In Theory and In Practice}}},
	year = 2013,
	note = {(\color{blue}\href{https://arxiv.org/abs/1310.1415}{\texttt{arXiv:1310.1415}}\color{black})}
}
@article{Knobel,
	author = {C. Knobel},
	title = {\textit{{An Introduction into the Theory of Cosmological Structure Formation}}},
	year = 2012,
	journal = {\color{blue}arXiv e-prints\color{black}},
	note = {(\color{blue}\href{https://arxiv.org/abs/1208.5931}{\texttt{arXiv:1208.5931}}\color{black})}
}
@article{Carroll,
	author = {S. Carroll},
	title = {\textit{{Lecture Notes on General Relativity}}},
	year = 1997,
	journal = {\color{blue}arXiv e-prints\color{black}},
	note = {(\color{blue}\href{https://arxiv.org/abs/gr-qc/9712019}{\texttt{arXiv:9712019}}\color{black})}
}
@article{Primack,
	author = {J. Primack},
	title = {\textit{{Cosmological Structure Formation}}},
	year = 2015,
	journal = {\color{blue}arXiv e-prints\color{black}},
	note = {(\color{blue}\href{https://arxiv.org/abs/1505.02821}{\texttt{arXiv:1505.02821}}\color{black})}
}
@article{Springel_SPH,
	author = {V. Springel},
	title = {\textit{{Smoothed Particle Hydrodynamics in Astrophysics}}},
	year = 2010,
	journal = {\color{blue}ARAA\color{black}},
	volume = 48,
	pages = {391--430},
	note = {(\color{blue}\href{https://arxiv.org/abs/1109.2219}{\texttt{arXiv:1109.2219}}\color{black})}
}
@article{Cossins_SPH,
	author = {P. Cossins},
	title = {\textit{{Smoothed Particle Hydrodynamics}}},
	year = 2010,
	journal = {\color{blue}arXiv e-prints\color{black}},
	note = {(\color{blue}\href{https://arxiv.org/abs/arXiv:1007.1245}{\texttt{arXiv:1007.1245}}\color{black})}
}
@misc{growth_factor,
	title = "{A873: Cosmology; Course Notes on linear Fluctuations}",
	school = {Ohio},
	howpublished = {\url{https://www.astronomy.ohio-state.edu/~dhw/A873/notes8.pdf}}
}
@article{Planck16,
	author = {{Planck Collaboration}},
	title = {\textit{{Planck 2015 results. XIII. Cosmological parameters}}},
	year = 2016,
	journal = {\color{blue}A\&A\color{black}},
	volume = 594,
	pages = {A13},
	note = {(\color{blue}\href{https://arxiv.org/abs/1502.01589}{\texttt{arXiv:1502.01589}}\color{black})}
}
@ARTICLE{Berger2019,
       author = {{Berger}, Philippe and {Stein}, George},
        title = "{A volumetric deep Convolutional Neural Network for simulation of mock dark matter halo catalogues}",
      journal = {\mnras},
     keywords = {methods: numerical, galaxies: haloes, dark matter, large-scale structure of Universe, Astrophysics - Cosmology and Nongalactic Astrophysics, Astrophysics - Instrumentation and Methods for Astrophysics, Computer Science - Computer Vision and Pattern Recognition},
         year = "2019",
        month = "Jan",
       volume = {482},
       number = {3},
        pages = {2861-2871},
          doi = {10.1093/mnras/sty2949},
archivePrefix = {arXiv},
       eprint = {1805.04537},
 primaryClass = {astro-ph.CO},
       adsurl = {https://ui.adsabs.harvard.edu/abs/2019MNRAS.482.2861B},
      adsnote = {Provided by the SAO/NASA Astrophysics Data System}
}
@ARTICLE{Calvo2019,
       author = {{Aragon-Calvo}, M.~A.},
        title = "{Classifying the large-scale structure of the universe with deep neural networks}",
      journal = {\mnras},
     keywords = {methods: data analysis, methods: numerical, large-scale structure of Universe, Astrophysics - Cosmology and Nongalactic Astrophysics},
         year = "2019",
        month = "Apr",
       volume = {484},
       number = {4},
        pages = {5771-5784},
          doi = {10.1093/mnras/stz393},
archivePrefix = {arXiv},
       eprint = {1804.00816},
 primaryClass = {astro-ph.CO},
       adsurl = {https://ui.adsabs.harvard.edu/abs/2019MNRAS.484.5771A},
      adsnote = {Provided by the SAO/NASA Astrophysics Data System}
}
@ARTICLE{He2018,
       author = {{He}, Siyu and {Li}, Yin and {Feng}, Yu and {Ho}, Shirley and
         {Ravanbakhsh}, Siamak and {Chen}, Wei and {P{\'o}czos}, Barnab{\'a}s},
        title = "{Learning to predict the cosmological structure formation}",
      journal = {Proceedings of the National Academy of Science},
     keywords = {Astrophysics - Cosmology and Nongalactic Astrophysics, Computer Science - Artificial Intelligence, Computer Science - Machine Learning},
         year = "2019",
        month = "Jul",
       volume = {116},
       number = {28},
        pages = {13825-13832},
          doi = {10.1073/pnas.1821458116},
archivePrefix = {arXiv},
       eprint = {1811.06533},
 primaryClass = {astro-ph.CO},
       adsurl = {https://ui.adsabs.harvard.edu/abs/2019PNAS..11613825H},
      adsnote = {Provided by the SAO/NASA Astrophysics Data System}
}
@misc{Zhang2019,
    title={From Dark Matter to Galaxies with Convolutional Networks},
    author={Xinyue Zhang and Yanfang Wang and Wei Zhang and Yueqiu Sun and Siyu He and Gabriella Contardo and Francisco Villaescusa-Navarro and Shirley Ho},
    year={2019},
    eprint={1902.05965},
    archivePrefix={arXiv},
    primaryClass={astro-ph.CO}
}
@article{Agarwal2018,
    author = {Agarwal, Shankar and Dav√©, Romeel and Bassett, Bruce},
    year = {2017},
    month = {12},
    pages = {},
    title = {Painting galaxies into dark matter halos using machine learning},
    volume = {478},
    journal = {MNRAS},
    doi = {10.1093/MNRAS/STY1169}
}
@BOOK{VandenBosch,
	author = {H. Mo and F. {van den Bosch} and S. {White}},
	title = {\textit{{Galaxy Formation and Evolution}}},
	publisher = {\color{blue}{UK: Cambridge University Press}\color{black}},
	year = 2010
}
@article{Dropout2014,
  author  = {Nitish Srivastava and Geoffrey Hinton and Alex Krizhevsky and Ilya Sutskever and Ruslan Salakhutdinov},
  title   = {Dropout: A Simple Way to Prevent Neural Networks from Overfitting},
  journal = {Journal of Machine Learning Research},
  year    = {2014},
  volume  = {15},
  pages   = {1929-1958},
  url     = {http://jmlr.org/papers/v15/srivastava14a.html}
}
@article{Naylor2019,
  title={Segmentation of Nuclei in Histopathology Images by Deep Regression of the Distance Map},
  author={Peter Naylor and Marick La{\'e} and Fabien Reyal and Thomas Walter},
  journal={IEEE Transactions on Medical Imaging},
  year={2019},
  volume={38},
  pages={448-459}
}
@article{Kornilov,
	author = {A. Kornilov and I. Safonov},
	title = {\textit{{An Overview of Watershed Algorithm Implementations in Open Source Libraries}}},
	year = 2018,
	journal = {\color{blue}Journal of Imaging\color{black}},
	volume = 4,
	pages = {123}
}
@misc{Ronneberger2015,
    title={U-Net: Convolutional Networks for Biomedical Image Segmentation},
    author={Olaf Ronneberger and Philipp Fischer and Thomas Brox},
    year={2015},
    eprint={1505.04597},
    archivePrefix={arXiv},
    primaryClass={cs.CV}
}
@misc{Milletari2016,
    title={V-Net: Fully Convolutional Neural Networks for Volumetric Medical Image Segmentation},
    author={Fausto Milletari and Nassir Navab and Seyed-Ahmad Ahmadi},
    year={2016},
    eprint={1606.04797},
    archivePrefix={arXiv},
    primaryClass={cs.CV}
}
@article{AlexNet,
	author = {A. Krizhevsky and others},
	title = {ImageNet Classification with Deep Convolutional Neural Networks},
	year = 2017,
	journal = {ACM},
	volume = 60,
	pages = {84--90}
}
@article{Peak_Patch,
	author = {J. Bond and S. Myers},
	title = {\textit{{The Peak-Patch Picture of Cosmic Catalogs. I. Algorithms}}},
	year = 1996,
	journal = {\color{blue}APJS\color{black}},
	volume = 103,
	pages = {1}
}
@article{Angulo,
	author = {R. Angulo and others},
	title = {\textit{{Scaling relations for galaxy clusters in the Millennium-XXL simulation}}},
	year = 2012,
	journal = {\color{blue}MNRAS\color{black}},
	volume = 426,
	pages = {2046-2062},
	note = {(\color{blue}\href{https://arxiv.org/abs/1203.3216}{\texttt{arXiv:1203.3216}}\color{black})}
}
@ARTICLE{Press_Schechter1974,
       author = {{Press}, William H. and {Schechter}, Paul},
        title = "{Formation of Galaxies and Clusters of Galaxies by Self-Similar Gravitational Condensation}",
      journal = {\apj},
         year = "1974",
        month = "Feb",
       volume = {187},
        pages = {425-438},
          doi = {10.1086/152650},
       adsurl = {https://ui.adsabs.harvard.edu/abs/1974ApJ...187..425P},
      adsnote = {Provided by the SAO/NASA Astrophysics Data System}
}
@ARTICLE{Bond1991,
       author = {{Bond}, J.~R. and {Cole}, S. and {Efstathiou}, G. and {Kaiser}, N.},
        title = "{Excursion Set Mass Functions for Hierarchical Gaussian Fluctuations}",
      journal = {\apj},
     keywords = {Computational Astrophysics, Gauss Equation, Dark Matter, Density Distribution, Many Body Problem, Mass Distribution, Monte Carlo Method, Astrophysics, COSMOLOGY, GALAXIES: CLUSTERING, NUMERICAL METHODS},
         year = "1991",
        month = "Oct",
       volume = {379},
        pages = {440},
          doi = {10.1086/170520},
       adsurl = {https://ui.adsabs.harvard.edu/abs/1991ApJ...379..440B},
      adsnote = {Provided by the SAO/NASA Astrophysics Data System}
}
@ARTICLE{Sheth2001,
       author = {{Sheth}, Ravi K. and {Mo}, H.~J. and {Tormen}, Giuseppe},
        title = "{Ellipsoidal collapse and an improved model for the number and spatial distribution of dark matter haloes}",
      journal = {\mnras},
     keywords = {GALAXIES: CLUSTERS: GENERAL, COSMOLOGY: THEORY, DARK MATTER, Astrophysics},
         year = "2001",
        month = "May",
       volume = {323},
       number = {1},
        pages = {1-12},
          doi = {10.1046/j.1365-8711.2001.04006.x},
archivePrefix = {arXiv},
       eprint = {astro-ph/9907024},
 primaryClass = {astro-ph},
       adsurl = {https://ui.adsabs.harvard.edu/abs/2001MNRAS.323....1S},
      adsnote = {Provided by the SAO/NASA Astrophysics Data System}
}
@ARTICLE{Reed2003,
       author = {{Reed}, Darren and {Gardner}, Jeffrey and {Quinn}, Thomas and
         {Stadel}, Joachim and {Fardal}, Mark and {Lake}, George and
         {Governato}, Fabio},
        title = "{Evolution of the mass function of dark matter haloes}",
      journal = {\mnras},
     keywords = {galaxies: clusters: general, galaxies: formation, galaxies: haloes, cosmology: theory, dark matter, Astrophysics},
         year = "2003",
        month = "Dec",
       volume = {346},
       number = {2},
        pages = {565-572},
          doi = {10.1046/j.1365-2966.2003.07113.x},
archivePrefix = {arXiv},
       eprint = {astro-ph/0301270},
 primaryClass = {astro-ph},
       adsurl = {https://ui.adsabs.harvard.edu/abs/2003MNRAS.346..565R},
      adsnote = {Provided by the SAO/NASA Astrophysics Data System}
}
@incollection{Krizhevsky2012,
        title = {ImageNet Classification with Deep Convolutional Neural Networks},
        author = {Alex Krizhevsky and Sutskever, Ilya and Hinton, Geoffrey E},
     booktitle = {Advances in Neural Information Processing Systems 25},
         pages = {1097--1105},
          year = {2012}
}
@misc{Liu2015,
    title={ParseNet: Looking Wider to See Better},
    author={Wei Liu and Andrew Rabinovich and Alexander C. Berg},
    year={2015},
    eprint={1506.04579},
    archivePrefix={arXiv},
    primaryClass={cs.CV}
}
@misc{Isensee2018,
    title={Brain Tumor Segmentation and Radiomics Survival Prediction: Contribution to the BRATS 2017 Challenge},
    author={Fabian Isensee and Philipp Kickingereder and Wolfgang Wick and Martin Bendszus and Klaus H. Maier-Hein},
    year={2018},
    eprint={1802.10508},
    archivePrefix={arXiv},
    primaryClass={cs.CV}
}
@misc{Noh2015,
    title={Learning Deconvolution Network for Semantic Segmentation},
    author={Hyeonwoo Noh and Seunghoon Hong and Bohyung Han},
    year={2015},
    eprint={1505.04366},
    archivePrefix={arXiv},
    primaryClass={cs.CV}
}
@article{pkdgrav2000,
	author = {J. Stadel and others},
	title = {\textit{{High Performance Computational Astrophysics with PKDGRAV/Gasoline}}},
	year = 2000,
	note = {(\color{blue}\href{http://faculty.washington.edu/trq/hpcc/faculty/trq/brandon/pkdgrav.html}{\texttt{PKDGRAV (Parallel K-D tree GRAVity code)}}\color{black})}
}
@inproceedings{LeCun1998,
  title={Efficient BackProp},
  author={Yann LeCun and L{\'e}on Bottou and Genevieve B. Orr and Klaus-Robert M{\"u}ller},
  booktitle={Neural Networks: Tricks of the Trade},
  year={1998}
}
@ARTICLE{Howlett2015,
       author = {{Howlett}, C. and {Manera}, M. and {Percival}, W.~J.},
        title = "{L-PICOLA: A parallel code for fast dark matter simulation}",
      journal = {Astronomy and Computing},
     keywords = {Large-scale structure of universe, Methods: numerical, Astrophysics - Cosmology and Nongalactic Astrophysics},
         year = "2015",
        month = "Sep",
       volume = {12},
        pages = {109-126},
          doi = {10.1016/j.ascom.2015.07.003},
archivePrefix = {arXiv},
       eprint = {1506.03737},
 primaryClass = {astro-ph.CO},
       adsurl = {https://ui.adsabs.harvard.edu/abs/2015A&C....12..109H},
      adsnote = {Provided by the SAO/NASA Astrophysics Data System}
}
@article{Srivastava2014,
  author  = {Nitish Srivastava and Geoffrey Hinton and Alex Krizhevsky and Ilya Sutskever and Ruslan Salakhutdinov},
  title   = {Dropout: A Simple Way to Prevent Neural Networks from Overfitting},
  journal = {Journal of Machine Learning Research},
  year    = {2014},
  volume  = {15},
  pages   = {1929-1958},
  url     = {http://jmlr.org/papers/v15/srivastava14a.html}
}
@ARTICLE{bengio1994, 
    author  ={Y. {Bengio} and P. {Simard} and P. {Frasconi}}, 
    journal ={IEEE Transactions on Neural Networks}, 
    title   ={Learning long-term dependencies with gradient descent is difficult}, 
    year    ={1994}, 
    volume  ={5}, 
    number  ={2}, 
    pages   ={157-166}, 
    doi     ={10.1109/72.279181}, 
    ISSN    ={}, 
    month   ={March}
}
@article{Kornilov2018, 
    author  ={Kornilov, Anton and Safonov, Ilia}, 
    title   ={An Overview of Watershed Algorithm Implementations in Open Source Libraries}, 
    journal ={Journal of Imaging}, 
    volume  ={4}, ISSN={2313-433X}, 
    url     ={http://dx.doi.org/10.3390/jimaging4100123}, 
    DOI     ={10.3390/jimaging4100123}, number={10}, 
    publisher={MDPI AG}, 
    year    ={2018}, 
    month   ={Oct}, 
    pages   ={123}
}
@article{Wechsler2018,
   title={The Connection Between Galaxies and Their Dark Matter Halos},
   volume={56},
   ISSN={1545-4282},
   url={http://dx.doi.org/10.1146/annurev-astro-081817-051756},
   DOI={10.1146/annurev-astro-081817-051756},
   number={1},
   journal={Annual Review of Astronomy and Astrophysics},
   publisher={Annual Reviews},
   author={Wechsler, Risa H. and Tinker, Jeremy L.},
   year={2018},
   month={Sep},
   pages={435‚Äì487}
}
@article{Guo2010,
   title={How do galaxies populate dark matter haloes?},
   ISSN={1365-2966},
   url={http://dx.doi.org/10.1111/j.1365-2966.2010.16341.x},
   DOI={10.1111/j.1365-2966.2010.16341.x},
   journal={Monthly Notices of the Royal Astronomical Society},
   publisher={Oxford University Press (OUP)},
   author={Guo, Qi and White, Simon and Li, Cheng and Boylan-Kolchin, Michael},
   year={2010},
   month={Mar}
}
@article{Feldmann_2019,
   title={The Galaxy‚ÄìHalo Connection in Low-mass Halos},
   volume={871},
   ISSN={2041-8213},
   url={http://dx.doi.org/10.3847/2041-8213/aafe80},
   DOI={10.3847/2041-8213/aafe80},
   number={2},
   journal={The Astrophysical Journal},
   publisher={American Astronomical Society},
   author={Feldmann, Robert and Faucher-Gigu√®re, Claude-Andr√© and Kere≈°, Du≈°an},
   year={2019},
   month={Jan},
   pages={L21}
}
@misc{Karpatne2017,
    title={Physics-guided Neural Networks (PGNN): An Application in Lake Temperature Modeling},
    author={Anuj Karpatne and William Watkins and Jordan Read and Vipin Kumar},
    year={2017},
    eprint={1710.11431},
    archivePrefix={arXiv},
    primaryClass={cs.LG}
}